{
  "leader": "02738nam a22009373c 4500",
  "fields": [
    {
      "001": "1"
    },
    {
      "005": "20200522014642.9"
    },
    {
      "008": "190807|20162015||||||||       |||||mul||"
    },
    {
      "010": {
        "subfields": [
          {
            "a": "1447294130"
          }
        ],
        "ind1": " ",
        "ind2": " "
      }
    },
    {
      "020": {
        "subfields": [
          {
            "a": "9781447294130"
          }
        ],
        "ind1": " ",
        "ind2": " "
      }
    },
    {
      "022": {
        "subfields": [
          {
            "a": "0262012103"
          }
        ],
        "ind1": " ",
        "ind2": " "
      }
    },
    {
      "035": {
        "subfields": [
          {
            "a": "2003065165"
          }
        ],
        "ind1": " ",
        "ind2": " "
      }
    },
    {
      "035": {
        "subfields": [
          {
            "a": "9780262012102"
          }
        ],
        "ind1": " ",
        "ind2": " "
      }
    },
    {
      "074": {
        "subfields": [
          {
            "a": "0552142352"
          }
        ],
        "ind1": " ",
        "ind2": " "
      }
    },
    {
      "100": {
        "subfields": [
          {
            "a": "Fielding, Helen"
          }
        ],
        "ind1": "1",
        "ind2": " "
      }
    },
    {
      "245": {
        "subfields": [
          {
            "a": "The Journal of ecclesiastical history"
          }
        ],
        "ind1": "0",
        "ind2": "0"
      }
    },
    {
      "264": {
        "subfields": [
          {
            "a": "Edinburgh"
          },
          {
            "b": "Birlinn"
          },
          {
            "c": "2015"
          }
        ],
        "ind1": " ",
        "ind2": "1"
      }
    },
    {
      "264": {
        "subfields": [
          {
            "a": "New York"
          },
          {
            "b": "Alfred A. Knopf"
          },
          {
            "c": "2016"
          }
        ],
        "ind1": " ",
        "ind2": "1"
      }
    },
    {
      "300": {
        "subfields": [
          {
            "a": "xx, 238 p. : ill. ; 24 cm."
          }
        ],
        "ind1": " ",
        "ind2": " "
      }
    },
    {
      "300": {
        "subfields": [
          {
            "a": "xxix, 224 Seiten Illustrationen"
          }
        ],
        "ind1": " ",
        "ind2": " "
      }
    },
    {
      "336": {
        "subfields": [
          {
            "a": "text"
          }
        ],
        "ind1": " ",
        "ind2": " "
      }
    },
    {
      "337": {
        "subfields": [
          {
            "a": "audio"
          }
        ],
        "ind1": " ",
        "ind2": " "
      }
    },
    {
      "337": {
        "subfields": [
          {
            "a": "computer"
          }
        ],
        "ind1": " ",
        "ind2": " "
      }
    },
    {
      "337": {
        "subfields": [
          {
            "a": "microform"
          }
        ],
        "ind1": " ",
        "ind2": " "
      }
    },
    {
      "338": {
        "subfields": [
          {
            "a": "audio roll"
          }
        ],
        "ind1": " ",
        "ind2": " "
      }
    },
    {
      "338": {
        "subfields": [
          {
            "a": "online resource"
          }
        ],
        "ind1": " ",
        "ind2": " "
      }
    },
    {
      "490": {
        "subfields": [
          {
            "a": "Cooperative information systems"
          }
        ],
        "ind1": "0",
        "ind2": " "
      }
    },
    {
      "490": {
        "subfields": [
          {
            "a": "The lateral history"
          }
        ],
        "ind1": "0",
        "ind2": " "
      }
    },
    {
      "653": {
        "subfields": [
          {
            "a": "Politicians"
          }
        ],
        "ind1": " ",
        "ind2": " "
      }
    },
    {
      "653": {
        "subfields": [
          {
            "a": "Politicians--Scotland--Biography"
          }
        ],
        "ind1": " ",
        "ind2": " "
      }
    },
    {
      "653": {
        "subfields": [
          {
            "a": "Politics and government"
          }
        ],
        "ind1": " ",
        "ind2": " "
      }
    },
    {
      "653": {
        "subfields": [
          {
            "a": "Scotland"
          }
        ],
        "ind1": " ",
        "ind2": " "
      }
    },
    {
      "653": {
        "subfields": [
          {
            "a": "Scotland--Politics and government--21st century"
          }
        ],
        "ind1": " ",
        "ind2": " "
      }
    },
    {
      "655": {
        "subfields": [
          {
            "a": "newspaper"
          }
        ],
        "ind1": " ",
        "ind2": "4"
      }
    },
    {
      "655": {
        "subfields": [
          {
            "a": "textbook"
          }
        ],
        "ind1": " ",
        "ind2": "4"
      }
    },
    {
      "710": {
        "subfields": [
          {
            "a": "Sterling, Roger"
          }
        ],
        "ind1": "2",
        "ind2": " "
      }
    },
    {
      "711": {
        "subfields": [
          {
            "a": "Draper, Don"
          }
        ],
        "ind1": "2",
        "ind2": " "
      }
    },
    {
      "856": {
        "subfields": [
          {
            "u": "/uri1"
          },
          {
            "y": "linkText1"
          },
          {
            "z": "publicNote1"
          },
          {
            "3": "materialsSpecification1"
          }
        ],
        "ind1": "4",
        "ind2": " "
      }
    },
    {
      "856": {
        "subfields": [
          {
            "u": "/uri2"
          },
          {
            "y": "linkText2"
          },
          {
            "z": "publicNote2"
          },
          {
            "3": "materialsSpecification2"
          }
        ],
        "ind1": "4",
        "ind2": "0"
      }
    },
    {
      "856": {
        "subfields": [
          {
            "u": "/uri3"
          },
          {
            "y": "linkText3"
          },
          {
            "z": "publicNote3"
          },
          {
            "3": "materialsSpecification3"
          }
        ],
        "ind1": "4",
        "ind2": "1"
      }
    },
    {
      "856": {
        "subfields": [
          {
            "u": "/uri4"
          },
          {
            "y": "linkText4"
          },
          {
            "z": "publicNote4"
          },
          {
            "3": "materialsSpecification4"
          }
        ],
        "ind1": "4",
        "ind2": "2"
      }
    },
    {
      "902": {
        "subfields": [
          {
            "a": "Sterling, Roger"
          }
        ],
        "ind1": "f",
        "ind2": "f"
      }
    },
    {
      "903": {
        "subfields": [
          {
            "a": "Draper, Don"
          }
        ],
        "ind1": "f",
        "ind2": "f"
      }
    },
    {
      "907": {
        "subfields": [
          {
            "a": "Fielding, Helen"
          }
        ],
        "ind1": "f",
        "ind2": "f"
      }
    },
    {
      "911": {
        "subfields": [
          {
            "a": "linkText1"
          }
        ],
        "ind1": "f",
        "ind2": "f"
      }
    },
    {
      "912": {
        "subfields": [
          {
            "a": "linkText4"
          }
        ],
        "ind1": "f",
        "ind2": "f"
      }
    },
    {
      "913": {
        "subfields": [
          {
            "a": "linkText2"
          }
        ],
        "ind1": "f",
        "ind2": "f"
      }
    },
    {
      "914": {
        "subfields": [
          {
            "a": "linkText3"
          }
        ],
        "ind1": "f",
        "ind2": "f"
      }
    },
    {
      "917": {
        "subfields": [
          {
            "a": "materialsSpecification1"
          }
        ],
        "ind1": "f",
        "ind2": "f"
      }
    },
    {
      "918": {
        "subfields": [
          {
            "a": "materialsSpecification4"
          }
        ],
        "ind1": "f",
        "ind2": "f"
      }
    },
    {
      "919": {
        "subfields": [
          {
            "a": "materialsSpecification2"
          }
        ],
        "ind1": "f",
        "ind2": "f"
      }
    },
    {
      "920": {
        "subfields": [
          {
            "a": "materialsSpecification3"
          }
        ],
        "ind1": "f",
        "ind2": "f"
      }
    },
    {
      "923": {
        "subfields": [
          {
            "a": "publicNote1"
          }
        ],
        "ind1": "f",
        "ind2": "f"
      }
    },
    {
      "924": {
        "subfields": [
          {
            "a": "publicNote4"
          }
        ],
        "ind1": "f",
        "ind2": "f"
      }
    },
    {
      "925": {
        "subfields": [
          {
            "a": "publicNote2"
          }
        ],
        "ind1": "f",
        "ind2": "f"
      }
    },
    {
      "926": {
        "subfields": [
          {
            "a": "publicNote3"
          }
        ],
        "ind1": "f",
        "ind2": "f"
      }
    },
    {
      "929": {
        "subfields": [
          {
            "a": "/uri1"
          }
        ],
        "ind1": "f",
        "ind2": "f"
      }
    },
    {
      "930": {
        "subfields": [
          {
            "a": "/uri4"
          }
        ],
        "ind1": "f",
        "ind2": "f"
      }
    },
    {
      "931": {
        "subfields": [
          {
            "a": "/uri2"
          }
        ],
        "ind1": "f",
        "ind2": "f"
      }
    },
    {
      "932": {
        "subfields": [
          {
            "a": "/uri3"
          }
        ],
        "ind1": "f",
        "ind2": "f"
      }
    },
    {
      "933": {
        "subfields": [
          {
            "a": "1"
          }
        ],
        "ind1": "f",
        "ind2": "f"
      }
    },
    {
      "934": {
        "subfields": [
          {
            "a": "c8b50e3f-0446-429c-960e-03774b88223f"
          }
        ],
        "ind1": "f",
        "ind2": "f"
      }
    },
    {
      "935": {
        "subfields": [
          {
            "a": "0552142352"
          }
        ],
        "ind1": "f",
        "ind2": "f"
      }
    },
    {
      "936": {
        "subfields": [
          {
            "a": "9781447294130"
          }
        ],
        "ind1": "f",
        "ind2": "f"
      }
    },
    {
      "937": {
        "subfields": [
          {
            "a": "0262012103"
          }
        ],
        "ind1": "f",
        "ind2": "f"
      }
    },
    {
      "938": {
        "subfields": [
          {
            "a": "1447294130"
          }
        ],
        "ind1": "f",
        "ind2": "f"
      }
    },
    {
      "939": {
        "subfields": [
          {
            "a": "9780262012102"
          }
        ],
        "ind1": "f",
        "ind2": "f"
      }
    },
    {
      "940": {
        "subfields": [
          {
            "a": "2003065165"
          }
        ],
        "ind1": "f",
        "ind2": "f"
      }
    },
    {
      "941": {
        "subfields": [
          {
            "a": "6312d172-f0cf-40f6-b27d-9fa8feaf332f"
          }
        ],
        "ind1": "f",
        "ind2": "f"
      }
    },
    {
      "942": {
        "subfields": [
          {
            "a": "6312d172-f0cf-40f6-b27d-9fa8feaf332f"
          }
        ],
        "ind1": "f",
        "ind2": "f"
      }
    },
    {
      "943": {
        "subfields": [
          {
            "a": "eng"
          }
        ],
        "ind1": "f",
        "ind2": "f"
      }
    },
    {
      "943": {
        "subfields": [
          {
            "a": "lat"
          }
        ],
        "ind1": "f",
        "ind2": "f"
      }
    },
    {
      "945": {
        "subfields": [
          {
            "a": "2019-08-07T03:12:01.011+0000"
          }
        ],
        "ind1": "f",
        "ind2": "f"
      }
    },
    {
      "947": {
        "subfields": [
          {
            "a": "2020-05-22T01:46:42.915+0000"
          }
        ],
        "ind1": "f",
        "ind2": "f"
      }
    },
    {
      "951": {
        "subfields": [
          {
            "a": "Politicians"
          }
        ],
        "ind1": "f",
        "ind2": "f"
      }
    },
    {
      "951": {
        "subfields": [
          {
            "a": "Politicians--Scotland--Biography"
          }
        ],
        "ind1": "f",
        "ind2": "f"
      }
    },
    {
      "951": {
        "subfields": [
          {
            "a": "Politics and government"
          }
        ],
        "ind1": "f",
        "ind2": "f"
      }
    },
    {
      "951": {
        "subfields": [
          {
            "a": "Scotland"
          }
        ],
        "ind1": "f",
        "ind2": "f"
      }
    },
    {
      "951": {
        "subfields": [
          {
            "a": "Scotland--Politics and government--21st century"
          }
        ],
        "ind1": "f",
        "ind2": "f"
      }
    },
    {
      "952": {
        "subfields": [
          {
            "a": "The Journal of ecclesiastical history"
          }
        ],
        "ind1": "f",
        "ind2": "f"
      }
    },
    {
      "999": {
        "subfields": [
          {
            "i": "c8b50e3f-0446-429c-960e-03774b88223f"
          }
        ],
        "ind1": "f",
        "ind2": "f"
      }
    }
  ]
}